<collection xmlns="http://www.loc.gov/MARC21/slim">
<record>
  <leader>01932nam0a2200361 i 450 </leader>
  <controlfield tag="001">IT\ICCU\CNCE\020617</controlfield>
  <controlfield tag="005">20090828000000.0</controlfield>
  <datafield tag="012" ind1=" " ind2=" ">
    <subfield code="a">m.is iset isit usam (C) 1576 (R)</subfield>
    <subfield code="2">fei</subfield>
  </datafield>
  <datafield tag="100" ind1=" " ind2=" ">
    <subfield code="a">19970101d1576        0itac0103    ba</subfield>
  </datafield>
  <datafield tag="101" ind1=" " ind2=" ">
    <subfield code="a">LAT</subfield>
  </datafield>
  <datafield tag="102" ind1=" " ind2=" ">
    <subfield code="a">IT</subfield>
  </datafield>
  <datafield tag="200" ind1="1" ind2=" ">
    <subfield code="a">℗Petri Gemellii theologi Parisiensis ℗In festo sanctissimae Trinitatis Romae habita inter missarum solemnia oratio. MDLXXVI. Coram sanctissimo d.n. Gregorio XIII pont. max. et illustrissimis ac reuerendissimis S.R.E. cardinalibus</subfield>
  </datafield>
  <datafield tag="210" ind1=" " ind2=" ">
    <subfield code="a">Romae</subfield>
    <subfield code="c">apud Iosephum de Angelis</subfield>
    <subfield code="d">1576</subfield>
  </datafield>
  <datafield tag="215" ind1=" " ind2=" ">
    <subfield code="a">\8! c.</subfield>
    <subfield code="d">4ʻ</subfield>
  </datafield>
  <datafield tag="620" ind1=" " ind2=" ">
    <subfield code="a">IT</subfield>
    <subfield code="d">Roma</subfield>
  </datafield>
  <datafield tag="700" ind1=" " ind2="1">
    <subfield code="a">Gemellius,</subfield>
    <subfield code="b">Petrus</subfield>
    <subfield code="3">IT\ICCU\CNCA\005931</subfield>
  </datafield>
  <datafield tag="712" ind1="0" ind2="0">
    <subfield code="a">De_Angelis, Giuseppe</subfield>
    <subfield code="3">IT\ICCU\CNCT\000389</subfield>
    <subfield code="4">650</subfield>
  </datafield>
  <datafield tag="790" ind1=" " ind2="1">
    <subfield code="a">De_Gimilly,</subfield>
    <subfield code="b">Petrus</subfield>
    <subfield code="3">IT\ICCU\CNCA\019309</subfield>
    <subfield code="z">Gemellius, Petrus</subfield>
  </datafield>
  <datafield tag="790" ind1=" " ind2="1">
    <subfield code="a">Jumel,</subfield>
    <subfield code="b">Pierre</subfield>
    <subfield code="3">IT\ICCU\CNCA\026046</subfield>
    <subfield code="z">Gemellius, Petrus</subfield>
  </datafield>
  <datafield tag="791" ind1="0" ind2="0">
    <subfield code="a">Angeli, Giuseppe degli</subfield>
    <subfield code="3">IT\ICCU\CNCT\002989</subfield>
    <subfield code="z">De_Angelis, Giuseppe</subfield>
  </datafield>
  <datafield tag="791" ind1="0" ind2="0">
    <subfield code="a">Angelis, Iosephus de</subfield>
    <subfield code="3">IT\ICCU\CNCT\004515</subfield>
    <subfield code="z">De_Angelis, Giuseppe</subfield>
  </datafield>
  <datafield tag="801" ind1=" " ind2="3">
    <subfield code="a">IT</subfield>
    <subfield code="b">ICCU</subfield>
    <subfield code="c">20201114</subfield>
  </datafield>
  <datafield tag="899" ind1=" " ind2=" ">
    <subfield code="a">Biblioteca universitaria. Bologna</subfield>
    <subfield code="1">BO0098</subfield>
    <subfield code="2">UBO BU</subfield>
  </datafield>
  <datafield tag="899" ind1=" " ind2=" ">
    <subfield code="a">Biblioteca Apostolica Vaticana. Citt ̉del Vaticano</subfield>
    <subfield code="1">EX0001</subfield>
    <subfield code="2">ZCV 01</subfield>
  </datafield>
  <datafield tag="899" ind1=" " ind2=" ">
    <subfield code="a">Biblioteca nazionale centrale. Firenze</subfield>
    <subfield code="1">FI0098</subfield>
    <subfield code="2">CFI CF</subfield>
  </datafield>
  <datafield tag="899" ind1=" " ind2=" ">
    <subfield code="a">Biblioteca comunale Augusta. Perugia</subfield>
    <subfield code="1">PG0109</subfield>
    <subfield code="2">UM1 01</subfield>
  </datafield>
  <datafield tag="899" ind1=" " ind2=" ">
    <subfield code="a">Biblioteca Palatina. Parma</subfield>
    <subfield code="1">PR0072</subfield>
    <subfield code="2">PAR PA</subfield>
  </datafield>
  <datafield tag="899" ind1=" " ind2=" ">
    <subfield code="a">Biblioteca nazionale centrale. Roma</subfield>
    <subfield code="1">RM0267</subfield>
    <subfield code="2">BVE CR</subfield>
  </datafield>
  <datafield tag="899" ind1=" " ind2=" ">
    <subfield code="a">Biblioteca Vallicelliana. Roma</subfield>
    <subfield code="1">RM0281</subfield>
    <subfield code="2">RML 08</subfield>
  </datafield>
  <datafield tag="899" ind1=" " ind2=" ">
    <subfield code="a">Biblioteca Angelica. Roma</subfield>
    <subfield code="1">RM0290</subfield>
    <subfield code="2">RML 06</subfield>
  </datafield>
  <datafield tag="899" ind1=" " ind2=" ">
    <subfield code="a">Collezione privata Tiezzi Mazzoni Della Stella Maestri. Torrita di Siena</subfield>
    <subfield code="1">SI0161</subfield>
    <subfield code="2">ZSI 14</subfield>
  </datafield>
  <datafield tag="911" ind1=" " ind2=" ">
    <subfield code="a">Sul front.</subfield>
    <subfield code="9">IT\ICCU\CNCM\001241</subfield>
  </datafield>
  <datafield tag="921" ind1=" " ind2=" ">
    <subfield code="a">IT\ICCU\CNCM\001241</subfield>
    <subfield code="b">Fortuna (donna alata avanza in paesaggio campestre). In cornice figurata</subfield>
    <subfield code="e">Instabilitas fortunae</subfield>
    <subfield code="c">U241</subfield>
    <subfield code="d">Dimensioni: 5 x 5,3</subfield>
    <subfield code="f">INSTABILIT</subfield>
    <subfield code="f">FORTUNA</subfield>
    <subfield code="g">1573-1579</subfield>
  </datafield>
</record>
</collection>
